@inproceedings{blast,
  title={Whole-program control-flow path attestation},
  author={Yadav, Nikita and Ganapathy, Vinod},
  booktitle={Proceedings of the 2023 ACM SIGSAC Conference on Computer and Communications Security},
  pages={2680--2694},
  year={2023}
}

@inproceedings{cfaplus,
  title={On bridging the gap between control flow integrity and attestation schemes},
  author={Ammar, Mahmoud and Abdelraoof, Ahmed and Vlasceanu, Silviu},
  booktitle={33rd USENIX Security Symposium (USENIX Security 24)},
  pages={6633--6650},
  year={2024}
}

@inproceedings{sok,
  title={Sok: Integrity, attestation, and auditing of program execution},
  author={Ammar, Mahmoud and Caulfield, Adam and Nunes, Ivan De Oliveira},
  booktitle={2025 IEEE Symposium on Security and Privacy (SP)},
  pages={77--77},
  year={2024},
  organization={IEEE Computer Society}
}

@inproceedings{balllarus,
  title={Efficient path profiling},
  author={Ball, Thomas and Larus, James R},
  booktitle={Proceedings of the 29th Annual IEEE/ACM International Symposium on Microarchitecture. MICRO 29},
  pages={46--57},
  year={1996},
  organization={IEEE}
}

@article{laruswpp,
  title={Whole program paths},
  author={Larus, James R},
  journal={ACM SIGPLAN Notices},
  volume={34},
  number={5},
  pages={259--269},
  year={1999},
  publisher={ACM New York, NY, USA}
}

@misc{optee,
  author = {Linaro Limited},
  title = {OPTEE - TrustedFirmware},
  url = {https://www.trustedfirmware.org/projects/op-tee/},
  note = {Accessed: (05-05-2025)},
  year = {2025},
}

@misc{armtz,
  author={Arm}, 
  title = {TrustZone for Armv8-A},
  url={https://developer.arm.com/-/media/Arm%20Developer%20Community/PDF/Learn%20the%20Architecture/TrustZone%20for%20Armv8-A.pdf?revision=c3134c8e-f1d0-42ff-869e-0e6a6bab824f}, 
  note = {Accessed: (05-05-2025)},
  year={2020}
}

@book{artoftesting,
  title={The art of software testing},
  author={Myers, Glenford J and Sandler, Corey and Badgett, Tom},
  year={2011},
  publisher={John Wiley \& Sons}
}

@article{millerfuzzing,
  title={An empirical study of the reliability of UNIX utilities},
  author={Miller, Barton P and Fredriksen, Lars and So, Bryan},
  journal={Communications of the ACM},
  volume={33},
  number={12},
  pages={32--44},
  year={1990},
  publisher={ACM New York, NY, USA}
}

@article{luk2005dynamic,
  title={Pin: building customized program analysis tools with dynamic instrumentation},
  author={Luk, Chi-Keung and Cohn, Robert and Muth, Robert and Patil, Harish and Klauser, Artur and Lowney, Geoff and Wallace, Steven and Reddi, Vijay Janapa and Hazelwood, Kim},
  journal={Acm sigplan notices},
  volume={40},
  number={6},
  pages={190--200},
  year={2005},
  publisher={ACM New York, NY, USA}
}

@article{godefroid2012sage,
  title={SAGE: whitebox fuzzing for security testing},
  author={Godefroid, Patrice and Levin, Michael Y and Molnar, David},
  journal={Communications of the ACM},
  volume={55},
  number={3},
  pages={40--44},
  year={2012},
  publisher={ACM New York, NY, USA}
}

@inproceedings{quinlan2009source,
  title={Source code and binary analysis of software defects},
  author={Quinlan, Daniel and Panas, Thomas},
  booktitle={Proceedings of the 5th Annual Workshop on Cyber Security and Information Intelligence Research: Cyber Security and Information Intelligence Challenges and Strategies},
  pages={1--4},
  year={2009}
}

@article{kern1999formal,
  title={Formal verification in hardware design: a survey},
  author={Kern, Christoph and Greenstreet, Mark R},
  journal={ACM Transactions on Design Automation of Electronic Systems (TODAES)},
  volume={4},
  number={2},
  pages={123--193},
  year={1999},
  publisher={ACM New York, NY, USA}
}

@misc{bruceessay,
  author={Bruce Schneier},
  title = {The Process of Security},
  url={https://www.schneier.com/essays/archives/2000/04/the_process_of_secur.html}, 
  note = {Accessed: (06-05-2025)},
  year={2000}
}

@misc{armasm-user-guide,
  author={Arm},
  title = {Arm® Compiler armasm User Guide v6.6.5},
  url={https://developer.arm.com/documentation/dui0801/l},
  note = {Accessed: (10-05-2025)},
  year={2023}
}

@misc{arm-pcs,
  author={Arm},
  title = {Procedure Call Standard for the Arm® 64-bit Architecture},
  url={https://github.com/ARM-software/abi-aa/blob/main/aapcs64/aapcs64.rst},
  note = {Accessed: (10-05-2025)},
  year={2025}
}

@misc{arm-isa,
  author={Arm},
  title = {Learn the architecture - A64 Instruction Set Architecture Guide v1.2},
  url={https://developer.arm.com/documentation/102374/0102},
  note = {Accessed: (10-05-2025)},
  year={2024}
}

@misc{apple-oss,
  author={Apple Inc.},
  title = {XNU Source - Apple OSS Distributions},
  url={https://github.com/apple-oss-distributions/xnu},
  note = {Accessed: (10-05-2025)},
  year={2025}
}

@misc{so-xnu-abi,
  author={Siguza},
  title = {XNU systemcall ABI Summary - StackOverflow},
  url={https://stackoverflow.com/a/56993314},
  note = {Accessed: (10-05-2025)},
  year={2023}
}

@misc{arm-arch-manual,
  author={Arm},
  title = {Arm Architecture Reference Manual for A-profile architecture vL.a},
  url={https://developer.arm.com/documentation/ddi0487/la/},
  note = {Accessed: (10-05-2025)},
  year={2024}
}

@inproceedings{riscyrop,
  title={Riscyrop: Automated return-oriented programming attacks on risc-v and arm64},
  author={Cloosters, Tobias and Paa{\ss}en, David and Wang, Jianqiang and Draissi, Oussama and Jauernig, Patrick and Stapf, Emmanuel and Davi, Lucas and Sadeghi, Ahmad-Reza},
  booktitle={Proceedings of the 25th International Symposium on Research in Attacks, Intrusions and Defenses},
  pages={30--42},
  year={2022}
}

@article{aeg2014,
  title={Automatic exploit generation},
  author={Avgerinos, Thanassis and Cha, Sang Kil and Rebert, Alexandre and Schwartz, Edward J and Woo, Maverick and Brumley, David},
  journal={Communications of the ACM},
  volume={57},
  number={2},
  pages={74--84},
  year={2014},
  publisher={ACM New York, NY, USA}
}

@misc{arm-feat-names,
  author={Arm},
  title = {Feature names in A-profile architecture v2025_03},
  url={https://developer.arm.com/documentation/109697/2025_03},
  note = {Accessed: (11-05-2025)},
  year={2025}
}

@misc{sipearl,
  author={Sipearl},
  title = {Control Flow Integrity on Arm64 Systems},
  url={https://sipearl.com/sipearl-white-paper-anti-malware-active-protection-on-arm64-systems},
  note = {Accessed: (11-05-2025)},
  year={2023}
}

@misc{arm-pacbti,
  author={Arm},
  title = {Learn the architecture - Providing protection for complex software v2.0},
  url={https://developer.arm.com/documentation/102433/0200},
  note = {Accessed: (11-05-2025)},
  year={2023}
}

@misc{mte-kern-patch,
  author={Yeoreum Yun},
  title = {Kernel Patch - Support for FEAT_MTE_STORE_ONLY feature},
  url={https://lwn.net/ml/all/20250507154654.1937588-1-yeoreum.yun@arm.com/},
  note = {Accessed: (13-05-2025)},
  year={2025}
}

@misc{intel-ibt,
  author={Intel},
  title = {12th Generation Intel Core Processors Datasheet},
  url={https://edc.intel.com/content/www/us/en/design/ipla/software-development-platforms/client/platforms/alder-lake-desktop/12th-generation-intel-core-processors-datasheet-volume-1-of-2/010/indirect-branch-tracking/},
  note = {Accessed: (18-05-2025)},
  year={2023}
}

@misc{intel-sgx,
  author={Intel},
  title = {Intel SGX for Linux},
  url={https://github.com/intel/linux-sgx},
  note = {Accessed: (21-05-2025)},
  year={2025}
}

@article{abadi2009control,
  title={Control-flow integrity principles, implementations, and applications},
  author={Abadi, Mart{\'\i}n and Budiu, Mihai and Erlingsson, Ulfar and Ligatti, Jay},
  journal={ACM Transactions on Information and System Security (TISSEC)},
  volume={13},
  number={1},
  pages={1--40},
  year={2009},
  publisher={ACM New York, NY, USA}
}

@article{walfish2015verifying,
  title={Verifying computations without reexecuting them},
  author={Walfish, Michael and Blumberg, Andrew J},
  journal={Communications of the ACM},
  volume={58},
  number={2},
  pages={74--84},
  year={2015},
  publisher={ACM New York, NY, USA}
}

@inproceedings{chen2006protocol,
  title={A protocol for property-based attestation},
  author={Chen, Liqun and Landfermann, Rainer and L{\"o}hr, Hans and Rohe, Markus and Sadeghi, Ahmad-Reza and St{\"u}ble, Christian},
  booktitle={Proceedings of the first ACM workshop on Scalable trusted computing},
  pages={7--16},
  year={2006}
}

@inproceedings{chen2008property,
  title={Property-based attestation without a trusted third party},
  author={Chen, Liqun and L{\"o}hr, Hans and Manulis, Mark and Sadeghi, Ahmad-Reza},
  booktitle={Information Security: 11th International Conference, ISC 2008, Taipei, Taiwan, September 15-18, 2008. Proceedings 11},
  pages={31--46},
  year={2008},
  organization={Springer}
}

@inproceedings{kil2009remote,
  title={Remote attestation to dynamic system properties: Towards providing complete system integrity evidence},
  author={Kil, Chongkyung and Sezer, Emre C and Azab, Ahmed M and Ning, Peng and Zhang, Xiaolan},
  booktitle={2009 IEEE/IFIP International Conference on Dependable Systems \& Networks},
  pages={115--124},
  year={2009},
  organization={IEEE}
}

@inproceedings{sadeghi2004property,
  title={Property-based attestation for computing platforms: caring about properties, not mechanisms},
  author={Sadeghi, Ahmad-Reza and St{\"u}ble, Christian},
  booktitle={Proceedings of the 2004 workshop on New security paradigms},
  pages={67--77},
  year={2004}
}

@inproceedings{arbaugh1997secure,
  title={A secure and reliable bootstrap architecture},
  author={Arbaugh, William A and Farber, David J and Smith, Jonathan M},
  booktitle={Proceedings. 1997 IEEE Symposium on Security and Privacy (Cat. No. 97CB36097)},
  pages={65--71},
  year={1997},
  organization={IEEE}
}

@inproceedings{gasser1989digital,
  title={The Digital distributed system security architecture},
  author={Gasser, Morrie and Goldstein, Andy and Kaufman, Charlie and Lampson, Butler},
  booktitle={Proceedings of the 12th National Computer Security Conference},
  pages={305--319},
  year={1989}
}

@inproceedings{sun2020oat,
  title={OAT: Attesting operation integrity of embedded devices},
  author={Sun, Zhichuang and Feng, Bo and Lu, Long and Jha, Somesh},
  booktitle={2020 IEEE Symposium on Security and Privacy (SP)},
  pages={1433--1449},
  year={2020},
  organization={IEEE}
}

@inproceedings{abera2019diat,
  title={DIAT: Data Integrity Attestation for Resilient Collaboration of Autonomous Systems.},
  author={Abera, Tigist and Bahmani, Raad and Brasser, Ferdinand and Ibrahim, Ahmad and Sadeghi, Ahmad-Reza and Schunter, Matthias},
  booktitle={NDSS},
  year={2019}
}

@inproceedings{asokan2015seda,
  title={Seda: Scalable embedded device attestation},
  author={Asokan, Nadarajah and Brasser, Ferdinand and Ibrahim, Ahmad and Sadeghi, Ahmad-Reza and Schunter, Matthias and Tsudik, Gene and Wachsmann, Christian},
  booktitle={Proceedings of the 22nd ACM SIGSAC conference on computer and communications security},
  pages={964--975},
  year={2015}
}

@inproceedings{fraser2004copilot,
  title={Copilot--a coprocessor-based kernel runtime integrity monitor},
  author={Fraser, T and Molina, J and Arbaugh, W},
  booktitle={Prof. Int. Conf. USENIX Security Symp., San Diego, CA, USA},
  pages={13--33},
  year={2004}
}

@inproceedings{li2011viper,
  title={VIPER: verifying the integrity of PERipherals' firmware},
  author={Li, Yanlin and McCune, Jonathan M and Perrig, Adrian},
  booktitle={Proceedings of the 18th ACM conference on Computer and communications security},
  pages={3--16},
  year={2011}
}

@inproceedings{seshadri2004swatt,
  title={SWATT: Software-based attestation for embedded devices},
  author={Seshadri, Arvind and Perrig, Adrian and Van Doorn, Leendert and Khosla, Pradeep},
  booktitle={IEEE Symposium on Security and Privacy, 2004. Proceedings. 2004},
  pages={272--282},
  year={2004},
  organization={IEEE}
}

@inproceedings{seshadri2005pioneer,
  title={Pioneer: verifying code integrity and enforcing untampered code execution on legacy systems},
  author={Seshadri, Arvind and Luk, Mark and Shi, Elaine and Perrig, Adrian and Van Doorn, Leendert and Khosla, Pradeep},
  booktitle={Proceedings of the twentieth ACM symposium on Operating systems principles},
  pages={1--16},
  year={2005}
}

@inproceedings{nunes2019vrased,
  title={$\{$VRASED$\}$: A verified $\{$Hardware/Software$\}$$\{$Co-Design$\}$ for remote attestation},
  author={Nunes, Ivan De Oliveira and Eldefrawy, Karim and Rattanavipanon, Norrathep and Steiner, Michael and Tsudik, Gene},
  booktitle={28th USENIX Security Symposium (USENIX Security 19)},
  pages={1429--1446},
  year={2019}
}

@inproceedings{de2021toctou,
  title={On the TOCTOU problem in remote attestation},
  author={De Oliveira Nunes, Ivan and Jakkamsetti, Sashidhar and Rattanavipanon, Norrathep and Tsudik, Gene},
  booktitle={Proceedings of the 2021 ACM SIGSAC conference on computer and communications security},
  pages={2921--2936},
  year={2021}
}

@inproceedings{abera2016cflat,
  title={C-FLAT: control-flow attestation for embedded systems software},
  author={Abera, Tigist and Asokan, N and Davi, Lucas and Ekberg, Jan-Erik and Nyman, Thomas and Paverd, Andrew and Sadeghi, Ahmad-Reza and Tsudik, Gene},
  booktitle={Proceedings of the 2016 ACM SIGSAC Conference on Computer and Communications Security},
  pages={743--754},
  year={2016}
}

@inproceedings{dessouky2018litehax,
  title={Litehax: lightweight hardware-assisted attestation of program execution},
  author={Dessouky, Ghada and Abera, Tigist and Ibrahim, Ahmad and Sadeghi, Ahmad-Reza},
  booktitle={2018 IEEE/ACM International Conference on Computer-Aided Design (ICCAD)},
  pages={1--8},
  year={2018},
  organization={IEEE}
}

@inproceedings{huo2020lape,
  title={LAPE: A lightweight attestation of program execution scheme for bare-metal systems},
  author={Huo, Dongdong and Wang, Yu and Liu, Chao and Li, Mingxuan and Wang, Yazhe and Xu, Zhen},
  booktitle={2020 IEEE 22nd International Conference on High Performance Computing and Communications; IEEE 18th International Conference on Smart City; IEEE 6th International Conference on Data Science and Systems (HPCC/SmartCity/DSS)},
  pages={78--86},
  year={2020},
  organization={IEEE}
}

@inproceedings{nunes2021tiny,
  title={Tiny-CFA: Minimalistic control-flow attestation using verified proofs of execution},
  author={Nunes, Ivan De Oliveira and Jakkamsetti, Sashidhar and Tsudik, Gene},
  booktitle={2021 Design, Automation \& Test in Europe Conference \& Exhibition (DATE)},
  pages={641--646},
  year={2021},
  organization={IEEE}
}

@inproceedings{toffalini2019scarr,
  title={$\{$ScaRR$\}$: Scalable Runtime Remote Attestation for Complex Systems},
  author={Toffalini, Flavio and Losiouk, Eleonora and Biondo, Andrea and Zhou, Jianying and Conti, Mauro},
  booktitle={22nd International Symposium on Research in Attacks, Intrusions and Defenses (RAID 2019)},
  pages={121--134},
  year={2019}
}

@inproceedings{zhang2021recfa,
  title={Recfa: Resilient control-flow attestation},
  author={Zhang, Yumei and Liu, Xinzhi and Sun, Cong and Zeng, Dongrui and Tan, Gang and Kan, Xiao and Ma, Siqi},
  booktitle={Proceedings of the 37th Annual Computer Security Applications Conference},
  pages={311--322},
  year={2021}
}

@inproceedings{hu2019probability,
  title={A probability prediction based mutable control-flow attestation scheme on embedded platforms},
  author={Hu, Jianxing and Huo, Dongdong and Wang, Meilin and Wang, Yazhe and Zhang, Yan and Li, Yu},
  booktitle={2019 18th IEEE International Conference On Trust, Security And Privacy In Computing And Communications/13th IEEE International Conference On Big Data Science And Engineering (TrustCom/BigDataSE)},
  pages={530--537},
  year={2019},
  organization={IEEE}
}

@inproceedings{caulfield2023acfa,
  title={$\{$ACFA$\}$: Secure Runtime Auditing \& Guaranteed Device Healing via Active Control Flow Attestation},
  author={Caulfield, Adam and Rattanavipanon, Norrathep and Nunes, Ivan De Oliveira},
  booktitle={32nd USENIX Security Symposium (USENIX Security 23)},
  pages={5827--5844},
  year={2023}
}

@article{caulfield2024traces,
  title={Traces: Tee-based runtime auditing for commodity embedded systems},
  author={Caulfield, Adam and Neto, Antonio Joia and Rattanavipanon, Norrathep and Nunes, Ivan De Oliveira},
  journal={arXiv preprint arXiv:2409.19125},
  year={2024}
}

@misc{azad2020ios,
  title={iOS Kernel PAC, One Year Later},
  url={https://bazad.github.io/presentations/BlackHat-USA-2020-iOS_Kernel_PAC_One_Year_Later.pdf},
  author={Brandon Azad},
  year={2020}
}

@inproceedings{ravichandran2022pacman,
  title={PACMAN: attacking ARM pointer authentication with speculative execution},
  author={Ravichandran, Joseph and Na, Weon Taek and Lang, Jay and Yan, Mengjia},
  booktitle={Proceedings of the 49th Annual International Symposium on Computer Architecture},
  pages={685--698},
  year={2022}
}

@inproceedings{cai2023demystifying,
  title={Demystifying pointer authentication on apple m1},
  author={Cai, Zechao and Zhu, Jiaxun and Shen, Wenbo and Yang, Yutian and Chang, Rui and Wang, Yu and Li, Jinku and Ren, Kui},
  booktitle={32nd USENIX Security Symposium (USENIX Security 23)},
  pages={2833--2848},
  year={2023}
}

@misc{theblank,
  author={},
  title = {},
  url={},
  note = {Accessed: (06-05-2025)},
  year={}
}

